
@article{papenberg2020,
  title={Using anticlustering to partition data sets into equivalent parts},
  author={Papenberg, Martin and Klau, Gunnar W},
  journal={Psychological Methods},
  doi = {10.1037/met0000301},
  year = {2021},
  number= {2},
  volume={26},
  pages={161--174}
}

@article{grotschel1989,
  title={A cutting plane algorithm for a clustering problem},
  author={Gr{\"o}tschel, Martin and Wakabayashi, Yoshiko},
  journal={Mathematical Programming},
  volume={45},
  pages={59--96},
  year={1989},
  publisher={Springer},
  doi = {10.1007/BF01589097}
}

@article{bocker2011,
  title={Exact algorithms for cluster editing: Evaluation and experiments},
  author={B{\"o}cker, Sebastian and Briesemeister, Sebastian and Klau, Gunnar W},
  journal={Algorithmica},
  volume={60},
  pages={316--334},
  year={2011},
  publisher={Springer},
  doi = {10.1007/s00453-009-9339-7}
}

@article{bansal2004,
  title={Correlation clustering},
  author={Bansal, Nikhil and Blum, Avrim and Chawla, Shuchi},
  journal={Machine learning},
  volume={56},
  pages={89--113},
  year={2004},
  publisher={Springer},
  doi = {10.1023/B:MACH.0000033116.57574.95}
}

@article{wittkop2010,
  title={Partitioning biological data with transitivity clustering},
  author={Wittkop, Tobias and Emig, Dorothea and Lange, Sita and
                  Rahmann, Sven and Albrecht, Mario and Morris, John H
                  and B{\"o}cker, Sebastian and Stoye, Jens and
                  Baumbach, Jan},
  journal={Nature methods},
  volume={7},
  pages={419--420},
  year={2010},
  publisher={Nature Publishing Group},
  doi = {10.1038/nmeth0610-419}
}

@article{lahl2006,
  title={EQUIWORD: A software application for the automatic creation of truly equivalent word lists},
  author={Lahl, Olaf and Pietrowsky, Reinhard},
  journal={Behavior research methods},
  volume={38},
  number = {1},
  pages={146--152},
  year={2006},
  publisher={Springer},
  doi = {10.3758/BF03192760}
}

@article{cutler1981,
  title={Making up materials is a confounded nuisance, or: Will we able to run any psycholinguistic experiments at all in 1990?},
  author={Cutler, Anne},
  journal={Cognition},
  volume={10},
  pages={65--70},
  year={1981},
  publisher={Elsevier},
  doi = {10.1016/0010-0277(81)90026-3}
}

@article{zeng2000,
  title={Distribution-balanced stratified cross-validation for accuracy estimation},
  author={Zeng, Xinchuan and Martinez, Tony R},
  journal={Journal of Experimental \& Theoretical Artificial Intelligence},
  volume={12},
  pages={1--12},
  year={2000},
  publisher={Taylor \& Francis},
  doi = {10.1080/095281300146272}
}

@article{spath1986,
  title={Anticlustering: maximizing the variance criterion},
  author={Sp{\"a}th, H},
  journal={Control and Cybernetics},
  volume={15},
  number={2},
  pages={213--218},
  year={1986}
}

@inproceedings{valev1998,
  title={Set partition principles revisited},
  author={Valev, V},
  editor = {Amin, A and Dori, D and Pudil, P and Freeman, H},
  booktitle={Advances in Pattern Recognition. {SSPR /SPR 1998}. Lecture Notes in Computer Science},
  pages={875--881},
  year={1998},
  publisher = {Springer},
  address = {Heidelberg}
}

@article{tversky1977,
  title={Features of similarity.},
  author={Tversky, Amos},
  journal={Psychological review},
  volume={84},
  number = {4},
  pages={327--352},
  year={1977},
  publisher={American Psychological Association},
  doi = {10.1037/0033-295X.84.4.327}
}

@article{chen2017,
  title={{Should We Stop Developing Heuristics and Only Rely on Mixed 
         Integer Programming Solvers in Automated Test Assembly? A 
         Rejoinder to van der Linden and Li (2016)}},
  author={Chen, Pei-Hua},
  journal={Applied psychological measurement},
  volume={41},
  pages={227--240},
  year={2017},
  publisher={SAGE Publications Sage CA: Los Angeles, CA},
  doi = {10.1177/0146621617695523}
}

@article{heck2016,
  title={Extending multinomial processing tree models to measure the relative speed of cognitive processes},
  author={Heck, Daniel W and Erdfelder, Edgar},
  journal={Psychonomic Bulletin \& Review},
  volume={23},
  pages={1440--1465},
  year={2016},
  publisher={Springer},
  doi = {10.3758/s13423-016-1025-6}
}

@article{schaper2019metamory,
  title={Metamemory expectancy illusion and schema-consistent guessing in source monitoring.},
  author={Schaper, Marie Luisa and Kuhlmann, Beatrice G and Bayen, Ute J},
  journal={Journal of Experimental Psychology: Learning, Memory, and Cognition},
  volume={45},
  number = {3},
  pages={470--496},
  year={2019},
  publisher={American Psychological Association},
  doi = {10.1037/xlm0000602}
}

@article{kroneisen2018,
  title={Remembering the place with the tiger: Survival processing can enhance source memory},
  author={Kroneisen, Meike and Bell, Raoul},
  journal={Psychonomic bulletin \& review},
  pages={667--673},
  year={2018},
  publisher={Springer},
  volume = {25},
  doi = {10.3758/s13423-018-1431-z}
}

@article{nosofsky1992,
  title={Similarity scaling and cognitive process models},
  author={Nosofsky, Robert M},
  journal={Annual review of Psychology},
  volume={43},
  pages={25--53},
  year={1992},
  publisher={Annual Reviews 4139 El Camino Way, PO Box 10139, Palo Alto, CA 94303-0139, USA},
  doi = {10.1146/annurev.ps.43.020192.000325}
}

@article{dry2009,
  title={Similar but not the same: A comparison of the utility of directly rated and feature-based similarity measures for generating spatial models of conceptual data},
  author={Dry, Matthew J and Storms, Gert},
  journal={Behavior Research Methods},
  volume={41},
  number= {3},
  pages={889--900},
  year={2009},
  publisher={Springer},
  doi = {10.3758/BRM.41.3.889}
}

@article{shamir2004vf,
  author = {Shamir, Ron and Sharan, Roded and Tsur, D},
  title = {{Cluster graph modification problems}},
  journal = {Discrete Applied Mathematics},
  year = {2004},
  volume = {144},
  pages = {173--182},
  doi = {10.1016/j.dam.2004.01.007}
}

@article{rooij2008,
  title={The tractable cognition thesis},
  author={{van Rooij}, Iris},
  journal={Cognitive science},
  volume={32},
  pages={939--984},
  year={2008},
  publisher={Wiley Online Library},
  doi = {10.1080/03640210801897856}
}

@article{vancasteren2007,
  title={Match: A program to assist in matching the conditions of factorial experiments},
  author={{van Casteren}, Maarten and Davis, Matthew H},
  journal={Behavior Research Methods},
  volume={39},
  pages={973--978},
  year={2007},
  publisher={Springer},
  doi = {10.3758/BF03192992}
}

@article{armstrong2012,
  title={SOS! An algorithm and software for the stochastic optimization of stimuli},
  author={Armstrong, Blair C and Watson, Christine E and Plaut, David C},
  journal={Behavior research methods},
  volume={44},
  pages={675--705},
  year={2012},
  publisher={Springer},
  doi = {10.3758/s13428-011-0182-9}
}

@article{lahl2008,
  title={An ultra short episode of sleep is sufficient to promote declarative memory performance},
  author={Lahl, Olaf and Wispel, Christiane and Willigens, Bernadette and Pietrowsky, Reinhard},
  journal={Journal of sleep research},
  volume={17},
  pages={3--10},
  year={2008},
  publisher={Wiley Online Library},
  doi = {10.1111/j.1365-2869.2008.00622.x}
}

@article{buchner2000,
  title={On the reliability of implicit and explicit memory measures},
  author={Buchner, Axel and Wippich, Werner},
  journal={Cognitive psychology},
  volume={40},
  pages={227--259},
  year={2000},
  publisher={Elsevier},
  doi = {10.1006/cogp.1999.0731}
}

@article{anscombe1973,
  title={Graphs in statistical analysis},
  author={Anscombe, Francis J},
  journal={The American Statistician},
  volume={27},
  number={1},
  pages={17--21},
  year={1973},
  publisher={Taylor \& Francis Group},
  doi = {10.1080/00031305.1973.10478966}
}

@article{karp1986,
  title={Combinatorics, complexity, and randomness},
  author={Karp, Richard M},
  journal={Communications of the ACM},
  volume={29},
  number={2},
  pages={97--109},
  year={1986}
}

@book{garey1979,
  title={Computers and intractability: A guide to the theory of {NP-completeness}},
  author={Garey, Michael R and Johnson, David S},
  year={1979},
  publisher={Freeman},
  address={New York}
}

@article{smith2015,
  title={Regression-based estimation of {ERP} waveforms: II. Nonlinear effects, overlap correction, and practical considerations},
  author={Smith, Nathaniel J and Kutas, Marta},
  journal={Psychophysiology},
  volume={52},
  pages={169--181},
  year={2015},
  publisher={Wiley Online Library},
  doi = {10.1111/psyp.12320}
}

@book{wolsey1988,
  title={Integer and combinatorial optimization},
  author={Nemhauser, George L and Wolsey, Laurence A},
  year={1988},
  publisher={John Wiley \& Sons},
  address={New York}
}

@inproceedings{valev1983,
  title={Set partition principles},
  author={Valev, V},
  booktitle={Transactions of the Ninth {Prague} Conference on Information Theory,
             Statistical Decision Functions, and Random Processes ({Prague}, 1982)},
  pages={251--256},
  year={1983},
  editor = {Kozesnik, Jaroslav},
  publisher = {Springer Netherlands},
  address = {Prague}
}

@article{schaper2019metacognitive,
  title={Metacognitive expectancy effects in source monitoring: Beliefs, in-the-moment experiences, or both?},
  author={Schaper, Marie Luisa and Kuhlmann, Beatrice G and Bayen, Ute J},
  journal={Journal of Memory and Language},
  volume={107},
  pages={95--110},
  year={2019},
  publisher={Elsevier},
  doi = {10.1016/j.jml.2019.03.009}
}

@incollection{rokach2005,
  title={Clustering methods},
  author={Rokach, Lior and Maimon, Oded},
  editor = {Maimon, Oded and Rokach, Lior},
  booktitle={Data mining and knowledge discovery handbook},
  pages={321--352},
  year={2005},
  publisher={Springer},
  address = {New York},
  doi={10.1007/0-387-25465-X_15}
}

@article{IBM-CPLEX,
  title = {{ILOG CPLEX} {O}ptimization Studio [{I}nteger linear programming solver]},
  author = {{IBM}},
  year = {2019},
  url = {https://www.ibm.com/products/ilog-cplex-optimization-studio}
}

@article{osf2019,
  title = {Anticlustering [{Open Science Framework Repository}]},
  author = {Papenberg, Martin and Klau, Gunnar W},
  year = {2019},
  url = {https://doi.org/10.17605/OSF.IO/CD5SR}
}

@article{osf2023,
  title = {k-plus anticlustering [{Open Science Framework Repository}]},
  author = {Papenberg, Martin},
  year = {2023},
  url = {https://osf.io/7g3k2/}
}

@article{brusco2019,
  title={Combining diversity and dispersion criteria for anticlustering: A bicriterion approach},
  author={Brusco, Michael J and Cradit, J Dennis and Steinley, Douglas},
  journal={British Journal of Mathematical and Statistical Psychology},
  publisher={Wiley Online Library},
  doi = {10.1111/bmsp.12186},
  year = {2020},
  volume={73},
  number={3},
  pages={375--396},
  doi= {10.1111/bmsp.12186}
}

@article{gierl2017,
  title={Creating parallel forms to support on-demand testing for undergraduate students in psychology},
  author={Gierl, Mark and Daniels, Lia and Zhang, Xinxin},
  journal={Journal of Measurement and Evaluation in Education and Psychology},
  volume={8},
  number={3},
  pages={288--302},
  year={2017},
  doi={10.21031/epod.305350}
}

@article{brusco2009,
  title={Clustering qualitative data based on binary equivalence relations: neighborhood search heuristics for the clique partitioning problem},
  author={Brusco, Michael J and K{\"o}hn, Hans-Friedrich},
  journal={Psychometrika},
  volume={74},
  number={4},
  pages={685--703},
  year={2009},
  publisher={Springer}
}

@article{feo1990,
  title={A class of bounded approximation algorithms for graph partitioning},
  author={Feo, Thomas A and Khellaf, Mallek},
  journal={Networks},
  volume={20},
  number={2},
  pages={181--195},
  year={1990},
  publisher={Wiley Online Library}
}

@article{baker2002,
  title={Methods for assigning students to groups: A study of alternative objective functions},
  author={Baker, Kenneth R and Powell, Stephen G},
  journal={Journal of the Operational Research Society},
  volume={53},
  number={4},
  pages={397--404},
  year={2002},
  publisher={Springer},
  doi={10.1057/palgrave.jors.2601307}
}

@article{yarkoni2017,
  title={Choosing prediction over explanation in psychology: Lessons from machine learning},
  author={Yarkoni, Tal and Westfall, Jacob},
  journal={Perspectives on Psychological Science},
  volume={12},
  number={6},
  pages={1100--1122},
  year={2017},
  publisher={Sage Publications Sage CA: Los Angeles, CA}
}

@article{boldt1992,
  title={Crossvalidation of item response curve models using TOEFL data},
  author={Boldt, Robert F},
  journal={Language Testing},
  volume={9},
  number={1},
  pages={79--95},
  year={1992},
  publisher={Sage Publications Sage CA: Thousand Oaks, CA}
}

@article{dunlap1996,
  title={Meta-analysis of experiments with matched groups or repeated measures designs.},
  author={Dunlap, William P and Cortina, Jose M and Vaslow, Joel B and Burke, Michael J},
  journal={Psychological methods},
  volume={1},
  number={2},
  pages={170},
  year={1996},
  publisher={American Psychological Association}
}

@article{palubeckis2015,
  title={Maximally diverse grouping: an iterated tabu search approach},
  author={Palubeckis, Gintaras and Ostreika, Armantas and Rubliauskas, Dalius},
  journal={Journal of the Operational Research Society},
  volume={66},
  number={4},
  pages={579--592},
  year={2015},
  publisher={Taylor \& Francis}
}

@article{krass2006,
  title={The University of Toronto’s Rotman School of Management uses management science to create MBA study groups},
  author={Krass, Dmitry and Ovchinnikov, Anton},
  journal={Interfaces},
  volume={36},
  number={2},
  pages={126--137},
  year={2006},
  publisher={INFORMS}
}

@article{steinley2006,
  title={K-means clustering: a half-century synthesis},
  author={Steinley, Douglas},
  journal={British Journal of Mathematical and Statistical Psychology},
  volume={59},
  number={1},
  pages={1--34},
  year={2006},
  publisher={Wiley Online Library},
  doi = {10.1348/000711005X48266}
}

@article{fan2011,
  title={A hybrid genetic algorithmic approach to the maximally diverse grouping problem},
  author={Fan, ZP and Chen, Y and Ma, Jian and Zeng, S},
  journal={Journal of the Operational Research Society},
  volume={62},
  number={7},
  pages={1423--1430},
  year={2011},
  publisher={Taylor \& Francis}
}

@inproceedings{steghofer2013,
  title={HiSPADA: Self-organising hierarchies for large-scale multi-agent systems},
  author={Stegh{\"o}fer, Jan-Philipp and Behrmann, Pascal and Anders, Gerrit and Siefert, Florian and Reif, Wolfgang},
  booktitle={Proceedings of the {IARIA} International Conference on Autonomic and Autonomous Systems ({ICAS})},
  year={2013},
  editor = {Bauer, Michael and Calinescu, Radu and Grottke, Michael and Dillenseger, Bruno},
  pages={71--76},
  address = {Lisbon, Portugal},
  publisher = {International Academy, Research, {and} Industry Association}
}

@article{jain2010,
  title={Data clustering: 50 years beyond K-means},
  author={Jain, Anil K},
  journal={Pattern recognition letters},
  volume={31},
  number={8},
  pages={651--666},
  year={2010},
  publisher={Elsevier},
  doi={10.1016/j.patrec.2009.09.011}
}

@article{althauser1970,
  title={The computerized construction of a matched sample},
  author={Althauser, Robert P and Rubin, Donald},
  journal={American Journal of Sociology},
  volume={76},
  number={2},
  pages={325--346},
  year={1970},
  publisher={University of Chicago Press}
}

@article{brimberg2017,
  title={Solving the clique partitioning problem as a maximally diverse grouping problem},
  author={Brimberg, Jack and Jani{\'c}ijevi{\'c}, Stefana and Mladenovi{\'c}, Nenad and Uro{\v{s}}evi{\'c}, Dragan},
  journal={Optimization Letters},
  volume={11},
  number={6},
  pages={1123--1135},
  year={2017},
  publisher={Springer}
}

@article{weitz1998,
  title={An empirical comparison of heuristic methods for creating maximally diverse groups},
  author={Weitz, RR and Lakshminarayanan, S},
  journal={Journal of the operational Research Society},
  volume={49},
  number={6},
  pages={635--646},
  year={1998},
  publisher={Taylor \& Francis},
  doi ={10.1057/palgrave.jors.2600510}
}

@article{chen2016,
  title={A practical guide to big data research in psychology.},
  author={Chen, Eric Evan and Wojcik, Sean P},
  journal={Psychological Methods},
  volume={21},
  number={4},
  pages={458--474},
  year={2016},
  publisher={American Psychological Association}
}


@article{adjerid2018,
  title={Big data in psychology: A framework for research advancement.},
  author={Adjerid, Idris and Kelley, Ken},
  journal={American Psychologist},
  volume={73},
  number={7},
  pages={899--917},
  year={2018},
  publisher={American Psychological Association}
}

@article{koul2018,
  title={Cross-validation approaches for replicability in psychology},
  author={Koul, Atesh and Becchio, Cristina and Cavallo, Andrea},
  journal={Frontiers in Psychology},
  volume={9},
  pages={1117},
  year={2018},
  publisher={Frontiers}
}

@article{raskin1988,
  title={A principal-components analysis of the Narcissistic Personality
                  Inventory and further evidence of its construct
                  validity.},
  author={Raskin, Robert and Terry, Howard},
  journal={Journal of personality and social psychology},
  volume={54},
  number={5},
  pages={8--902},
  year={1988},
  publisher={US: American Psychological Association}
}

@article{brusco2013,
  title={Exact and approximate methods for a one-dimensional minimax bin-packing problem},
  author={Brusco, Michael J and K{\"o}hn, Hans Friedrich and Steinley, Douglas},
  journal={Annals of Operations Research},
  volume={206},
  number={1},
  pages={611--626},
  year={2013},
  publisher={Springer}
}

@article{zahn1964,
author = {Zahn, C. T.},
title = {Approximating Symmetric Relations by Equivalence Relations},
journal = {Journal of the Society for Industrial and Applied Mathematics},
year = {1964},
volume = {12},
number = {4},
pages = {840--847},
doi={10.1137/0112071}
}

@article{aloise2009np,
  title={NP-hardness of Euclidean sum-of-squares clustering},
  author={Aloise, Daniel and Deshpande, Amit and Hansen, Pierre and Popat, Preyas},
  journal={Machine learning},
  volume={75},
  number={2},
  pages={245--248},
  year={2009},
  publisher={Springer},
  doi={10.1007/s10994-009-5103-0}
}


@article{gallego2013,
  title={Tabu search with strategic oscillation for the maximally diverse grouping problem},
  author={Gallego, Micael and Laguna, Manuel and Marti, Rafael and Duarte, Abraham},
  journal={Journal of the Operational Research Society},
  volume={64},
  number={5},
  pages={724--734},
  year={2013},
  publisher={Taylor \& Francis},
  doi={10.1057/jors.2012.66}
}

@inproceedings{arya1993,
  title={Approximate Nearest Neighbor Queries in Fixed Dimensions.},
  author={Arya, Sunil and Mount, David M},
  booktitle={Proceedings of the Fourth Annual {ACM-SIAM} Symposium on Discrete Algorithms},
  pages={271--280},
  year={1993},
  editor = {Ramachandran, V},
  address = {Philadelphia, PA},
  publisher = {Society for Industrial and Applied Mathematics}
}

@article{brusco2010,
  title={K-balance partitioning: An exact method with applications to generalized structural balance and other psychological contexts.},
  author={Brusco, Michael J and Steinley, Douglas},
  journal={Psychological Methods},
  volume={15},
  number={2},
  pages={145--157},
  year={2010},
  publisher={American Psychological Association}
}

@article{urosevic2016,
  title={Variable neighborhood search for maximum diverse grouping problem},
  author={Uro{\^s}evic, D},
  journal={Yugoslav Journal of Operations Research},
  volume={24},
  number={1},
  year={2016},
  pages = {21--33}
}

@article{weitz1997,
  title={An empirical comparison of heuristic and graph theoretic methods for creating maximally diverse groups, VLSI design, and exam scheduling},
  author={Weitz, RR and Lakshminarayanan, S},
  journal={Omega},
  volume={25},
  number={4},
  pages={473--482},
  year={1997},
  publisher={Elsevier}
}

@article{brusco2001,
  title={Compact integer-programming models for extracting subsets of stimuli from confusion matrices},
  author={Brusco, Michael J and Stahl, Stephanie},
  journal={Psychometrika},
  volume={66},
  number={3},
  pages={405--419},
  year={2001},
  publisher={Springer}
}

@article{brusco2006confusion,
  title={Clustering, seriation, and subset extraction of confusion data.},
  author={Brusco, Michael J and Steinley, Douglas},
  journal={Psychological methods},
  volume={11},
  number={3},
  pages={271--286},
  year={2006},
  publisher={American Psychological Association}
}

@article{glover1998,
  title={Heuristic algorithms for the maximum diversity problem},
  author={Glover, Fred and Kuo, Ching-Chung and Dhir, Krishna S},
  journal={Journal of information and Optimization Sciences},
  volume={19},
  number={1},
  pages={109--132},
  year={1998},
  publisher={Taylor \& Francis}
}

@book{vanderlinden2005,
  title={Linear models for optimal test design},
  author={{van} der Linden, Wim J},
  year={2005},
  publisher={Springer Science},
  address = {New York}
}

@article{desrosiers2005,
  title={Design of balanced {MBA} student teams},
  author={Desrosiers, Jacques and Mladenovi{\'c}, Nenad and Villeneuve, Daniel},
  journal={Journal of the Operational Research Society},
  volume={56},
  number={1},
  pages={60--66},
  year={2005},
  publisher={Taylor \& Francis}
}
@article{R-anticlust,
  title = {anticlust: Subset partitioning via anticlustering},
  author = {Martin Papenberg},
  note = {R package version 0.5.6},
  year = {2019},
  url = {https://github.com/m-Py/anticlust},
}
@article{R-base,
  title = {R: A Language and Environment for Statistical Computing},
  author = {{R Core Team}},
  organization = {R Foundation for Statistical Computing},
  address = {Vienna, Austria},
  year = {2019},
  url = {https://www.R-project.org/},
}
@article{R-dplyr,
  title = {dplyr: A Grammar of Data Manipulation},
  author = {Hadley Wickham and Romain François and Lionel Henry and Kirill Müller},
  year = {2019},
  note = {R package version 0.8.3},
  url = {https://CRAN.R-project.org/package=dplyr},
}
@article{R-papaja,
  author = {Frederik Aust and Marius Barth},
  title = {{papaja}: {Create} {APA} manuscripts with {R Markdown}},
  year = {2018},
  note = {R package version 0.1.0.9842},
  url = {https://github.com/crsh/papaja},
}
@article{R-Rcplex,
  title = {Rcplex: R Interface to {CPLEX}},
  author = {Hector Corrada Bravo and Stefan Theussl},
  year = {2016},
  note = {R package version 0.3-3},
  url = {https://CRAN.R-project.org/package=Rcplex},
}
@Manual{R-RANN,
    title = {RANN: Fast Nearest Neighbour Search (Wraps {ANN} Library) Using {L2} Metric},
    author = {Sunil Arya and David Mount and Samuel E. Kemp and Gregory Jefferis},
    year = {2019},
    note = {R package version 2.6.1},
    url = {https://CRAN.R-project.org/package=RANN},
}

@article{friendly1982,
  title={The {Toronto} Word Pool: Norms for imagery, concreteness, orthographic variables, and grammatical usage for 1,080 words},
  author={Friendly, Michael and Franklin, Patricia E and Hoffman, David and Rubin, David C},
  journal={Behavior Research Methods \& Instrumentation},
  volume={14},
  number={4},
  pages={375--399},
  year={1982},
  publisher={Springer},
  doi={10.3758/BF03203275}
}

@article{fernandez2013,
  title={The maximum dispersion problem},
  author={Fern{\'a}ndez, Elena and Kalcsics, J{\"o}rg and Nickel, Stefan},
  journal={Omega},
  volume={41},
  number={4},
  pages={721--730},
  year={2013},
  publisher={Elsevier},
  doi={10.1016/j.omega.2012.09.005}
}

@article{brusco2012,
  title={A note on the estimation of the Pareto efficient set for multiobjective matrix permutation problems},
  author={Brusco, Michael J and Steinley, Douglas},
  journal={British Journal of Mathematical and Statistical Psychology},
  volume={65},
  number={1},
  pages={145--162},
  year={2012},
  publisher={Wiley Online Library}
}

@article{arabie1992,
  title={Combinatorial data analysis},
  author={Arabie, Phipps and Hubert, Lawrence J},
  journal={Annual review of psychology},
  volume={43},
  number={1},
  pages={169--203},
  year={1992},
  publisher={Annual Reviews 4139 El Camino Way, PO Box 10139, Palo Alto, CA 94303-0139, USA}
}

@article{brusco2006branch,
  title={A repetitive branch-and-bound procedure for minimum within-cluster sums of squares partitioning},
  author={Brusco, Michael J},
  journal={Psychometrika},
  volume={71},
  number={2},
  pages={347--363},
  year={2006},
  publisher={Springer},
  doi={10.1007/s11336-004-1218-1}
}

@article{marler2010,
  title={The weighted sum method for multi-objective optimization: new insights},
  author={Marler, R Timothy and Arora, Jasbir S},
  journal={Structural and multidisciplinary optimization},
  volume={41},
  number={6},
  pages={853--862},
  year={2010},
  publisher={Springer},
  doi = {10.1007/s00158-009-0460-7}
}

@article{naidu2014,
  title={Multiobjective optimization using weighted sum artificial bee colony algorithm for load frequency control},
  author={Naidu, K and Mokhlis, Hazlie and Bakar, AH Abu},
  journal={International Journal of Electrical Power \& Energy Systems},
  volume={55},
  pages={657--667},
  year={2014},
  publisher={Elsevier},
  doi = {10.1016/j.ijepes.2013.10.022}
}

@article{brusco_emergent_2012,
	title = {Emergent clustering methods for empirical {OM} research},
	volume = {30},
	issn = {1873-1317},
	url = {https://onlinelibrary.wiley.com/doi/abs/10.1016/j.jom.2012.06.001},
	doi = {10.1016/j.jom.2012.06.001},
	abstract = {To date, the vast majority of cluster analysis applications in OM research have relied on traditional hierarchical (e.g., Ward's algorithm) and nonhierarchical (e.g., K-means algorithms) methods. Although these venerable methods should continue to be employed effectively in the OM literature, we also believe there is a significant opportunity to expand the scope of clustering methods to emergent techniques. We provide an overview of some alternative clustering procedures (including advantages and disadvantages), identify software programs for implementing them, and discuss the circumstances where they might be employed gainfully in OM research. The implementation of emergent clustering methods in the OM literature should enable researchers to offer implications for practice that might not have been uncovered with traditional methods.},
	language = {en},
	number = {6},
	urldate = {2021-06-29},
	journal = {Journal of Operations Management},
	author = {Brusco, Michael J and Steinley, Douglas and Cradit, J Dennis and Singh, Renu},
	year = {2012},
	note = {\_eprint: https://onlinelibrary.wiley.com/doi/pdf/10.1016/j.jom.2012.06.001},
	keywords = {Cluster analysis, Empirical research methods, Multivariate statistics},
	pages = {454--466},
	file = {Snapshot:/home/martin/snap/zotero-snap/common/Zotero/storage/2GKGRRX6/j.jom.2012.06.html:text/html;Full Text PDF:/home/martin/snap/zotero-snap/common/Zotero/storage/KASCAVJ3/Brusco et al. - 2012 - Emergent clustering methods for empirical OM resea.pdf:application/pdf},
}

@article{ferligoj1992direct,
  title={Direct multicriteria clustering algorithms},
  author={Ferligoj, Anuska and Batagelj, Vladimir},
  journal={Journal of classification},
  volume={9},
  number={1},
  pages={43--61},
  year={1992},
  publisher={Springer},
  doi={10.1007/BF02618467}
}

@article{brielmann2019intense,
  title={Intense beauty requires intense pleasure},
  author={Brielmann, Aenne A and Pelli, Denis G},
  journal={Frontiers in psychology},
  volume={10},
  pages={Article 2420},
  year={2019},
  publisher={Frontiers},
  doi={10.3389/fpsyg.2019.02420}
}

@article{kurdi2017introducing,
  title={Introducing the open affective standardized image set (OASIS)},
  author={Kurdi, Benedek and Lozano, Shayn and Banaji, Mahzarin R},
  journal={Behavior research methods},
  volume={49},
  number={2},
  pages={457--470},
  year={2017},
  publisher={Springer},
  doi = {10.3758/s13428-016-0715-3}
}

@Manual{R-tidyr,
    title = {tidyr: Tidy Messy Data},
    author = {Hadley Wickham},
    year = {2021},
    note = {R package version 1.1.3},
    url = {https://CRAN.R-project.org/package=tidyr},
}
@Book{R-ggplot2,
    author = {Hadley Wickham},
    title = {ggplot2: Elegant Graphics for Data Analysis},
    publisher = {Springer-Verlag New York},
    year = {2016},
    isbn = {978-3-319-24277-4},
    url = {https://ggplot2.tidyverse.org},
}

@article{joanes1998,
  title={Comparing measures of sample skewness and kurtosis},
  author={Joanes, Derrick N and Gill, Christine A},
  journal={Journal of the Royal Statistical Society: Series D (The Statistician)},
  volume={47},
  number={1},
  pages={183--189},
  year={1998},
  publisher={Wiley Online Library},
  doi = {10.1111/1467-9884.00122}
}

@article{decarlo1997,
  title={On the meaning and use of kurtosis.},
  author={DeCarlo, Lawrence T},
  journal={Psychological methods},
  volume={2},
  number={3},
  pages={292--307},
  year={1997},
  publisher={American Psychological Association}
}

@article{westfall2014,
  title={Kurtosis as peakedness, 1905--2014. RIP},
  author={Westfall, Peter H},
  journal={The American Statistician},
  volume={68},
  number={3},
  pages={191--195},
  year={2014},
  publisher={Taylor \& Francis}
}

@Manual{R-desctools,
  title = {{DescTools}: Tools for Descriptive Statistics},
  author = {Signorell, Andri},
  year = {2022},
  note = {R package version 0.99.45},
  url = {https://cran.r-project.org/package=DescTools},
}

@Manual{R-faux,
  title = {faux: Simulation for Factorial Designs},
  author = {Lisa DeBruine},
  doi = {10.5281/zenodo.2669586},
  publisher = {Zenodo},
  year = {2021},
  note = {R package version 1.1.0},
  url = {https://debruine.github.io/faux/},
}

@article{brusco2009cross,
  title={Cross validation issues in multiobjective clustering},
  author={Brusco, Michael J and Steinley, Douglas},
  journal={British Journal of Mathematical and Statistical Psychology},
  volume={62},
  number={2},
  doi = {10.1348/000711008X304385},
  pages={349--368},
  year={2009},
  publisher={Wiley Online Library}
}
